<record><leader>00000cas a22000007a 4500</leader><controlfield tag="001">16127337</controlfield><controlfield tag="008">870702d18931909iaucr ne      0    0eng d</controlfield><datafield ind1=" " ind2=" " tag="010"><subfield code="a">sn 87057726 </subfield></datafield><datafield ind1=" " ind2=" " tag="040"><subfield code="a">INP</subfield><subfield code="b">eng</subfield><subfield code="c">INP</subfield><subfield code="d">OCLCQ</subfield></datafield><datafield ind1=" " ind2=" " tag="042"><subfield code="a">msc</subfield></datafield><datafield ind1="0" ind2="4" tag="245"><subfield code="a">The Fremont County sun.</subfield></datafield><datafield ind1="3" ind2="0" tag="246"><subfield code="a">Sun</subfield></datafield><datafield ind1="3" ind2="0" tag="246"><subfield code="a">Twice-a-week Fremont County sun</subfield></datafield><datafield ind1="3" ind2="0" tag="246"><subfield code="a">Twice a week sun</subfield></datafield><datafield ind1=" " ind2=" " tag="260"><subfield code="a">Sidney, Iowa :</subfield><subfield code="b">O.H. Tibbetts</subfield></datafield><datafield ind1=" " ind2=" " tag="300"><subfield code="a">v.</subfield></datafield><datafield ind1=" " ind2=" " tag="310"><subfield code="a">Weekly,</subfield><subfield code="b">Sept. 1907-&lt;May 1909&gt;</subfield></datafield><datafield ind1=" " ind2=" " tag="321"><subfield code="a">Weekly,</subfield><subfield code="b">&lt;Apr. 27, 1893&gt;-June 1906</subfield></datafield><datafield ind1=" " ind2=" " tag="321"><subfield code="a">Semiweekly,</subfield><subfield code="b">July 1906-Aug. 1907</subfield></datafield><datafield ind1="1" ind2=" " tag="362"><subfield code="a">Issued 1893-1909?</subfield></datafield><datafield ind1=" " ind2=" " tag="500"><subfield code="a">"Fremont County" appears above title ornament, &lt;Apr. 27, 1893&gt;-Oct. 26, 1905; "Twice-a-week" appears above title, July 3, 1906-Jan. 8, 1907.</subfield></datafield><datafield ind1=" " ind2=" " tag="500"><subfield code="a">Publisher varies.</subfield></datafield><datafield ind1=" " ind2=" " tag="515"><subfield code="a">Suspended Nov. 2, 1907-Mar. 5, 1908.</subfield></datafield><datafield ind1=" " ind2=" " tag="588"><subfield code="a">Description based on: Vol. 1, no. 9 (Apr. 27, 1893).</subfield></datafield><datafield ind1=" " ind2=" " tag="752"><subfield code="a">United States</subfield><subfield code="b">Iowa</subfield><subfield code="c">Fremont</subfield><subfield code="d">Sidney.</subfield></datafield><datafield ind1="0" ind2="0" tag="780"><subfield code="t">Union times (Sidney, Iowa)</subfield><subfield code="w">(DLC)sn 87059872</subfield></datafield></record>